

@book{inquisitive19, 
place={Oxford}, 
title={Inquisitive semantics}, 
publisher={Oxford University Press}, 
author={Ciardelli, Ivano and Groenendijk, Jeroen and Roelofsen, Floris}, 
year={2019}}
